@book{akchopra2011,
    keywords   = {diplomski},
    author    = {Chopra, Anil K},
    title     = {Dynamics of Structures: 
                    Theory and Applications to Earthquake Engineering. },
    year      = {2011},
    publisher = {Prentice Hall},
    address   = {New Jersey}
}
@book{hefangfu2001,
    keywords   = {diplomski},
    author    = {He, J., Fu Z.},
    title     = {Modal Analysis},
    year      = {2001},
    publisher = {Butterworth-Heinmann},
    address   = {Oxford}
}
@article{koscakturkalj,
    keywords   = {diplomski},
    author    = {Košćak,Janko and Turkalj,Gregor},
    title     = {Modalna analiza modela konstrukcije i ispitivanje utjecaja njihala
        i spremnika s vodom kao prigušivača},
    year      = {2012},
    publisher = {Građevinski fakultet Sveučilišta u Zagrebu},
    address   = {Zagreb}
}
@article{dk_skripta,
    keywords   = {diplomski},
    author    = {Lazarević,Damir and Šavor Novak,Marta and Uroš,Mario},
    title     = {Dinamika konstrukcija s uvodom u potresno inženjerstvo},
    year      = {2018},
    publisher = {Građevinski fakultet Sveučilišta u Zagrebu},
    address   = {Zagreb}
}
@article{sis,
    keywords   = {diplomski},
    author    = {Babić,H.},
    title     = {Signali i sustavi},
    year      = {1996},
    publisher = {Fakultet elektrotehnike i računarstva Sveučilišta u Zagrebu},
    address   = {Zagreb}
}

@article{fourier_laplace,
    keywords   = {diplomski},
    author    = {Elezović,N.},
    title     = {Fourierov red i integral Laplaceova transformacija},
    year      = {2005},
    publisher = {Element},
    address   = {Zagreb}
}

@article{diferencijalne,
    keywords   = {diplomski},
    author    = {Dawkins,P.},
    title     = {Differential equations},
    year      = {2018},
    publisher = {Lamar University Texas},
    address   = {Beaumont, Texas}
}

